% Encoding: UTF-8
%% This BibTeX bibliography file was created using BibDesk.
%% http://bibdesk.sourceforge.net/


@book{moon,
	title     ={De la Terre Ã  la Lune},
	author    ={Verne, Jules},
	year      ={1865},
	publisher ={Pierre-Jules Hetzel}
}

